<?xml version="1.0" encoding="UTF-8"?><collection xmlns="http://www.loc.gov/MARC21/slim"><record><leader>00447nam--2200145-i-4500</leader><controlfield tag="001">000012690</controlfield><controlfield tag="002">20161230</controlfield><controlfield tag="005">20161230201029</controlfield><controlfield tag="008">060222s1000------------r-----000-0-eng-d</controlfield><datafield ind1=" " ind2=" " tag="080"><subfield code="a">519.62.(047.3)</subfield></datafield><datafield ind1=" " ind2=" " tag="100"><subfield code="a">Adam, Gh</subfield></datafield><datafield ind1=" " ind2=" " tag="245"><subfield code="a">Born approximation to a perturbative nume- rical method for the solution of the schro- dinger equation</subfield></datafield><datafield ind1=" " ind2=" " tag="260"><subfield code="a">Bucuresti-magurele, Institutul Central De Fizica, 1978 24 P</subfield></datafield><datafield ind1=" " ind2=" " tag="490"><subfield code="a">154-1978</subfield></datafield><datafield ind1=" " ind2=" " tag="852"><subfield code="a">55783</subfield></datafield></record></collection>